@book{CameronTrivedi2013,
  author    = {A. Colin Cameron and Pravin K. Trivedi},
  title     = {Regression Analysis of Count Data},
  year      = {2013},
  edition   = {2nd},
  publisher = {Cambridge University Press},
  address   = {Cambridge},
  doi       = {10.1017/CBO9781139013567}
}
@book{cohen2003applied,
  title     = {Applied multiple regression/correlation analysis for the behavioral sciences},
  author    = {Cohen, Jacob and Cohen, Patricia and West, Stephen G and Aiken, Leona S},
  year      = {2003},
  edition   = {3rd},
  publisher = {Lawrence Erlbaum Associates}
}
@book{association2010,
	title = {Publication manual of the American psychological association},
	author = {Association, American Psychological},
	year = {2010},
	date = {2010},
	publisher = {American Psychological Association},
	url = {https://thuvienso.hoasen.edu.vn/handle/123456789/8327},
	langid = {en}
}

@article{fritz2012,
	title = {Effect size estimates: Current use, calculations, and interpretation},
	author = {Fritz, Catherine O. and Morris, Peter E. and Richler, Jennifer J.},
	year = {2012},
	date = {2012},
	journal = {Journal of Experimental Psychology: General},
	pages = {2--18},
	volume = {141},
	number = {1},
	doi = {10.1037/a0024338},
	note = {Place: US
Publisher: American Psychological Association}
}

@book{cohen1988,
	title = {Statistical Power Analysis for the Behavioral Sciences},
	author = {Cohen, Jacob},
	year = {1988},
	month = {09},
	date = {1988-09-03},
	publisher = {Academic Press},
	note = {Google-Books-ID: rEe0BQAAQBAJ},
	langid = {en}
}

@article{glass1981,
	title = {Meta-analysis in social research},
	author = {Glass, Gene V.},
	year = {1981},
	date = {1981},
	journal = {(No Title)},
	url = {https://cir.nii.ac.jp/crid/1130000795088566912},
	langid = {en}
}

@article{kelley2012,
	title = {On effect size},
	author = {Kelley, Ken and Preacher, Kristopher J.},
	year = {2012},
	date = {2012},
	journal = {Psychological Methods},
	pages = {137--152},
	volume = {17},
	number = {2},
	doi = {10.1037/a0028086},
	note = {Place: US
Publisher: American Psychological Association}
}

@misc{harrell2022,
	title = {Author Checklist - data analysis},
	author = {Harrell, Frank},
	year = {2022},
	month = {08},
	date = {2022-08-11},
	url = {https://discourse.datamethods.org/t/author-checklist/3407},
	note = {Section: data analysis},
	langid = {en}
}

@misc{harrell2020,
	title = {Author Checklist - data analysis},
	author = {Harrell, Frank},
	year = {2020},
	date = {2020},
	url = {https://discourse.datamethods.org/t/author-checklist/3407},
	note = {Section: data analysis},
	langid = {en}
}

@article{schäfer2019,
	title = {The Meaningfulness of Effect Sizes in Psychological Research: Differences Between Sub-Disciplines and the Impact of Potential Biases},
	author = {{Schäfer}, Thomas and Schwarz, Marcus A.},
	year = {2019},
	date = {2019},
	journal = {Frontiers in Psychology},
	volume = {10},
	url = {https://www.frontiersin.org/articles/10.3389/fpsyg.2019.00813}
}

@article{lovakov2021,
	title = {Empirically derived guidelines for effect size interpretation in social psychology},
	author = {Lovakov, Andrey and Agadullina, Elena R.},
	year = {2021},
	date = {2021},
	journal = {European Journal of Social Psychology},
	pages = {485--504},
	volume = {51},
	number = {3},
	doi = {10.1002/ejsp.2752},
	url = {https://onlinelibrary.wiley.com/doi/abs/10.1002/ejsp.2752},
	note = {{\_}eprint: https://onlinelibrary.wiley.com/doi/pdf/10.1002/ejsp.2752},
	langid = {en}
}

@article{paterson2016,
	title = {An Assessment of the Magnitude of Effect Sizes: Evidence From 30 Years of Meta-Analysis in Management},
	author = {Paterson, Ted A. and Harms, P.D. and Steel, Piers and {Credé}, Marcus},
	year = {2016},
	month = {02},
	date = {2016-02-01},
	journal = {Journal of Leadership & Organizational Studies},
	pages = {66--81},
	volume = {23},
	number = {1},
	doi = {10.1177/1548051815614321},
	url = {https://doi.org/10.1177/1548051815614321},
	note = {Publisher: SAGE Publications Inc},
	langid = {en}
}

@article{richard2003,
	title = {One Hundred Years of Social Psychology Quantitatively Described},
	author = {Richard, F. D. and Bond Jr., Charles F. and Stokes-Zoota, Juli J.},
	year = {2003},
	date = {2003},
	journal = {Review of General Psychology},
	pages = {331--363},
	volume = {7},
	number = {4},
	doi = {10.1037/1089-2680.7.4.331},
	note = {Place: US
Publisher: Educational Publishing Foundation}
}

@article{bosco2015,
	title = {Correlational effect size benchmarks},
	author = {Bosco, Frank A. and Aguinis, Herman and Singh, Kulraj and Field, James G. and Pierce, Charles A.},
	year = {2015},
	date = {2015},
	journal = {Journal of Applied Psychology},
	pages = {431--449},
	volume = {100},
	number = {2},
	doi = {10.1037/a0038047},
	note = {Place: US
Publisher: American Psychological Association}
}

@article{sawilowsky2009,
	title = {New Effect Size Rules of Thumb},
	author = {Sawilowsky, Shlomo},
	year = {2009},
	month = {11},
	date = {2009-11-01},
	journal = {Journal of Modern Applied Statistical Methods},
	volume = {8},
	number = {2},
	doi = {10.22237/jmasm/1257035100},
	url = {https://digitalcommons.wayne.edu/jmasm/vol8/iss2/26}
}

@article{funder2019,
	title = {Evaluating Effect Size in Psychological Research: Sense and Nonsense},
	author = {Funder, David C. and Ozer, Daniel J.},
	year = {2019},
	month = {06},
	date = {2019-06-01},
	journal = {Advances in Methods and Practices in Psychological Science},
	pages = {156--168},
	volume = {2},
	number = {2},
	doi = {10.1177/2515245919847202},
	url = {https://doi.org/10.1177/2515245919847202},
	note = {Publisher: SAGE Publications Inc},
	langid = {en}
}

@article{gignac2016,
	title = {Effect size guidelines for individual differences researchers},
	author = {Gignac, Gilles E. and Szodorai, Eva T.},
	year = {2016},
	month = {11},
	date = {2016-11-01},
	journal = {Personality and Individual Differences},
	pages = {74--78},
	volume = {102},
	doi = {10.1016/j.paid.2016.06.069},
	url = {https://www.sciencedirect.com/science/article/pii/S0191886916308194}
}

@inproceedings{coe2012,
	title = {It's the Effect Size, Stupid What effect size is and why it is important},
	author = {Coe, R.},
	year = {2012},
	date = {2012},
	url = {https://www.semanticscholar.org/paper/It%27s-the-Effect-Size%2C-Stupid-What-effect-size-is-it-Coe/c5ac87df5d6e0e6b6de2f745284835c2a368b0f7}
}

@article{pogrow2019,
	title = {How Effect Size (Practical Significance) Misleads Clinical Practice: The Case for Switching to Practical Benefit to Assess Applied Research Findings},
	author = {Pogrow, Stanley},
	year = {2019},
	month = {03},
	date = {2019-03-29},
	journal = {The American Statistician},
	pages = {223--234},
	volume = {73},
	number = {sup1},
	doi = {10.1080/00031305.2018.1549101},
	url = {https://doi.org/10.1080/00031305.2018.1549101},
	note = {Publisher: Taylor & Francis
{\_}eprint: https://doi.org/10.1080/00031305.2018.1549101}
}

@article{glass1981a,
	title = {Meta-analysis in social research},
	author = {Glass, Gene V. and McGaw, Barry and Smith, Mary L.},
	year = {1981},
	date = {1981},
	journal = {(No Title)},
	url = {https://cir.nii.ac.jp/crid/1130000795088566912},
	langid = {en}
}

@article{orben2020,
	title = {Crud (Re)Defined},
	author = {Orben, Amy and Lakens, {Daniël}},
	year = {2020},
	month = {06},
	date = {2020-06-01},
	journal = {Advances in Methods and Practices in Psychological Science},
	pages = {238--247},
	volume = {3},
	number = {2},
	doi = {10.1177/2515245920917961},
	url = {https://doi.org/10.1177/2515245920917961},
	note = {Publisher: SAGE Publications Inc},
	langid = {en}
}

@article{meehl1984,
	title = {Radical behaviorism and mental events: Four methodological queries},
	author = {Meehl, Paul E.},
	year = {1984},
	month = {12},
	date = {1984-12},
	journal = {Behavioral and Brain Sciences},
	pages = {563--564},
	volume = {7},
	number = {4},
	doi = {10.1017/S0140525X00027308},
	url = {https://www.cambridge.org/core/journals/behavioral-and-brain-sciences/article/abs/radical-behaviorism-and-mental-events-four-methodological-queries/FEF4753B1E0F9E828211E7FAA11B1CF2},
	note = {Publisher: Cambridge University Press},
	langid = {en}
}
